@MISC{douglas01,
  author = "{D}ouglas {B}rooks",
  title = "{D}ifferential {S}ignals, {R}ules {T}o {L}ive {B}y",
  year = "2001",
  publisher="{IEEE} {L}ong {I}sland (http://www.ieee.li/)",
  howpublished = "\url{http://www.ieee.li/pdf/essay/differential_signals.pdf}",
  note = "{A}ccessed: 07/09/2015"
}

@MISC{douglas98,
  author = "{D}ouglas {B}rooks",
  title = "{D}ifferential {I}mpedance, {W}hats {T}he {D}ifference",
  year = "1998",
  publisher="Miller Freeman, Inc.",
  howpublished = "\url{http://www.ultracad.com/articles/diff_z.pdf}",
  note = "{A}ccessed: 03/12/2015"
}


@MISC{ti02lvds,
  author = "{H}igh-{P}erformance {L}inear {P}roducts {T}echnical {S}taff @ {T}exas {I}nstruments",
  title = "{LVDS} {A}pplication {A}nd {D}ata {H}andbook",
  year = "2002",
  publisher="{T}exas {I}nstruments",
  howpublished = "\url{http://www.ti.com/ww/en/analog/interface/serdes.shtml}",
  note = "{A}ccessed: 07/09/2015, {L}iterature {N}umber: SLLD009"
}

@MISC{ti08lvds,
  title = "{LVDS} {O}wners {M}anual, {I}ncluding {H}igh-{S}peed {CML} {A}nd {S}ignal {C}onditioning",
  year = "2008",
  publisher="{T}exas {I}nstruments",
  howpublished = "\url{http://www.ti.com/lit/ml/snla187/snla187.pdf?keyMatch=lvds&tisearch=Search-EN-TechDocs}",
  note = "{A}ccessed: 08/09/2015"
}

@book{weste11,
  title="{CMOS} {VLSI} {D}esign, {A} {C}ircuit {A}nd {S}ystems {P}erspective",
  author="Neil {H}. {E}. {W}este, {D}avid {M}oney {H}arris",
  year="2011",
  publisher="Addison-{W}esley, {P}earson",
  edition="fourth"
}

@book{Jackman11,
title="{CWDP} {C}ertified {W}ireless {D}esign {P}rofessional {O}fficial {S}tudy {G}uide",
author="Shawn M. Jackman; Matt Swartz; Marcus Burton; Thomas W. Head",
year="2011",
publisher="Wiley Publishing Inc.",
edition="Exam PW0-250"
}

@MISC{elprint15,
  title = "{E}lprint {K}apabilitet",
  year = "2015",
  publisher="Elprint Aps",
  howpublished = "\url{http://www.elprint.dk/kapabilitet/}",
  note = "{A}ccessed: 01/12/2015"
}

@MISC{polar15,
  title = "{T}ransmission lines and testing at operating frequency",
  year = "2015",
  publisher="Polar Instruments",
  howpublished = "\url{http://www.polarinstruments.com/support/cits/AP155.html}",
  note = "{A}ccessed: 03/12/2015"
}

@MISC{altera_hsmc09,
  title = "{H}igh {S}peed {M}ezzanine {C}ard ({HSMC}) {S}pecification",
  year = "2009",
  publisher="Altera Corporation",
  howpublished = "\url{https://www.altera.com/content/dam/altera-www/global/en_US/pdfs/literature/ds/hsmc_spec.pdf}",
  note = "{A}ccessed: 10/12/2015"
}

@MISC{altera_terminals14,
  title = "{U}sing {T}erminals {W}ith {DE}-{S}eries {B}oards",
  year = "2014",
  publisher="Altera Corporation",
  howpublished = "\url{ftp://ftp.altera.com/up/pub/Altera_Material/14.0/Tutorials/Using_Terminals.pdf}",
  note = "{A}ccessed: 16/02/2016"
}

@book{chu08,
  title="{FPGA} {P}rototyping {B}y {VHDL} {E}xamples",
  author="{P}ong {P}. {C}hu",
  year="2008",
  publisher="{W}iley-{I}nterscience",
  note = "{A}ccessed: 12/02/2016"
}

@book{rapid08,
  title="{R}apid {P}rototyping {O}f {D}igital {S}ystems",
  author="{J}.{O}. {H}amblen, {T}.{S}. {H}all and {M}.{D}. {F}urman",
  year="2008",
  publisher="{S}pringer",
  note = "{A}ccessed: 12/02/2016"
}

@MISC{velure10,
  title = "{U}art2{B}us VHDL module",
  year = "2010",
  author="Arild Velure",
  note = "{D}esign used as a reference to the serial communication part on the FPGA side. {A}ccessed: 12/02/2016"
}

@MISC{teunis16,
  title = "{RS}-232 {C}-library ",
  year = "2016",
  author="Teunis van Beelen",
  howpublished = "\url{http://www.teuniz.net/RS-232/#}",
  note = "{L}ibrary used to implement a Rs-232 protocol and communicate with the serial port. {A}ccessed: 02/02/2016"
}

@MISC{altera_cyclonekit,
  title = "{C}yclone {V} {K}it {D}ownload {P}age",
  year = "2016",
  publisher="Altera Corporation",
  howpublished = "\url{https://www.altera.com/products/boards_and_kits/dev-kits/altera/kit-cyclone-v-gt.html}",
  note = "{A}ccessed: 24/02/2016"
}

@MISC{altera_q13,
  title = "{Q}uartus 13.1 {D}ownload {P}age",
  year = "2013",
  publisher="Altera Corporation",
  howpublished = "\url{https://dl.altera.com/13.1/?edition=web}",
  note = "{A}ccessed: 24/02/2016"
}

@MISC{altera_usb,
  title = "{USB} {B}laster {II} {I}nstall {M}anual",
  year = "2016",
  publisher="Altera Corporation",
  howpublished = "\url{https://www.altera.com/support/support-resources/download/drivers/usb-blaster/dri-usb-blaster-vista.html}",
  note = "{A}ccessed: 24/02/2016"
}

@manual{gbt_fpga,
  title = "{GBT}-{FPGA} {U}ser {G}uide",
  year = "2015",
  author="{S}ophie {B}aron and {M}anoel {B}arros {M}arin,",
  publisher="GBT-FPGA team, Cern",
  howpublished = "\url{https://espace.cern.ch/GBT-Project/GBT-FPGA}",
  note = "{A}ccessed: 29/02/2016"
}

@MISC{gbt_videos,
  title = "{GBT} {FPGA} {V}ideo {T}utorials",
  year = "2016",
  publisher="GBT-FPGA team, Cern",
  howpublished = "\url{https://espace.cern.ch/GBT-Project/GBT-FPGA}",
  note = "{A}ccessed: 29/02/2016"
}

@manual{si570,
  title = "{S}i570/{S}i571 {D}atasheet",
  year = "2014",
  publisher="Silicon Labs",
  howpublished = "\url{https://www.silabs.com/Support%20Documents/TechnicalDocs/si570.pdf}",
  note = "{A}ccessed: 29/02/2016"
}